<?xml version="1.0" encoding="UTF-8"?><record xmlns="http://www.loc.gov/MARC21/slim" xmlns:cinclude="http://apache.org/cocoon/include/1.0" xmlns:zs="http://www.loc.gov/zing/srw/">
  <leader>00462nz  a2200145n  4500</leader>
  <controlfield tag="001">no 90012967 </controlfield>
  <controlfield tag="003">DLC</controlfield>
  <controlfield tag="005">19900627055313.4</controlfield>
  <controlfield tag="008">900626n| acannaab|          |a aaa     c</controlfield>
  <datafield tag="010" ind1=" " ind2=" ">
    <subfield code="a">no 90012967 </subfield>
  </datafield>
  <datafield tag="040" ind1=" " ind2=" ">
    <subfield code="a">MoSU-L</subfield>
    <subfield code="c">MoSU-L</subfield>
  </datafield>
  <datafield tag="100" ind1="1" ind2="0">
    <subfield code="a">Federer, J. F.</subfield>
    <subfield code="q">(Jacob F.),</subfield>
    <subfield code="d">1904-</subfield>
  </datafield>
  <datafield tag="400" ind1="1" ind2="0">
    <subfield code="a">Federer, Jacob F.,</subfield>
    <subfield code="d">1904-</subfield>
  </datafield>
  <datafield tag="670" ind1=" " ind2=" ">
    <subfield code="a">His Advising businesses, 1958:</subfield>
    <subfield code="b">t.p. (J.F. Federer)</subfield>
  </datafield>
  <datafield tag="670" ind1=" " ind2=" ">
    <subfield code="a">Martindale &amp; Hubbell, 1958:</subfield>
    <subfield code="b">v. 3, p. 4638 (Jacob F. Federer; b. 9-18-1904)</subfield>
  </datafield>
</record>